<record><leader>00000cas a22000007a 4500</leader><controlfield tag="001">15715156</controlfield><controlfield tag="008">870520d186u18uumsudn ne      0    0eng d</controlfield><datafield ind1=" " ind2=" " tag="010"><subfield code="a">sn 87065402 </subfield></datafield><datafield ind1=" " ind2=" " tag="040"><subfield code="a">MJA</subfield><subfield code="b">eng</subfield><subfield code="c">MJA</subfield><subfield code="d">MSJ</subfield><subfield code="d">KNP</subfield><subfield code="d">NVK</subfield><subfield code="d">OCL</subfield><subfield code="d">OCLCQ</subfield><subfield code="d">OCLCF</subfield><subfield code="d">OCLCO</subfield></datafield><datafield ind1=" " ind2=" " tag="042"><subfield code="a">msc</subfield></datafield><datafield ind1=" " ind2=" " tag="043"><subfield code="a">n-us-ms</subfield></datafield><datafield ind1="0" ind2="4" tag="245"><subfield code="a">The Meridian daily gazette.</subfield></datafield><datafield ind1=" " ind2=" " tag="260"><subfield code="a">Meridian, Miss. :</subfield><subfield code="b">James J. Shannon</subfield></datafield><datafield ind1=" " ind2=" " tag="300"><subfield code="a">v. :</subfield><subfield code="b">ill.</subfield></datafield><datafield ind1=" " ind2=" " tag="310"><subfield code="a">Daily (except Sun. &amp; Mon.)</subfield></datafield><datafield ind1=" " ind2=" " tag="530"><subfield code="a">Available on microfilm from Recordak Corp.</subfield></datafield><datafield ind1=" " ind2=" " tag="588"><subfield code="a">Description based on: Vol. 2, no. ? (Apr. 2, 1870).</subfield></datafield><datafield ind1=" " ind2="0" tag="651"><subfield code="a">Meridian (Miss.)</subfield><subfield code="v">Newspapers.</subfield></datafield><datafield ind1=" " ind2="7" tag="655"><subfield code="a">Newspapers.</subfield><subfield code="2">fast</subfield><subfield code="0">(OCoLC)fst01423814</subfield></datafield><datafield ind1=" " ind2="7" tag="651"><subfield code="a">Mississippi</subfield><subfield code="z">Meridian.</subfield><subfield code="2">fast</subfield><subfield code="0">(OCoLC)fst01209585</subfield></datafield><datafield ind1=" " ind2=" " tag="752"><subfield code="a">United States</subfield><subfield code="b">Mississippi</subfield><subfield code="c">Lauderdale</subfield><subfield code="d">Meridian.</subfield></datafield><datafield ind1="0" ind2="0" tag="780"><subfield code="t">Daily gazette (Meridian, Miss.)</subfield><subfield code="w">(DLC)sn 87065397</subfield><subfield code="w">(OCoLC)15715081</subfield></datafield></record>